<record><leader>00000cas a22000007a 4500</leader><controlfield tag="001">14516168</controlfield><controlfield tag="008">861024d19821982wiuwr ne      0    0eng d</controlfield><datafield ind1=" " ind2=" " tag="010"><subfield code="a">sn 86086581 </subfield></datafield><datafield ind1=" " ind2=" " tag="040"><subfield code="a">NPV</subfield><subfield code="b">eng</subfield><subfield code="c">NPV</subfield><subfield code="d">OCLCQ</subfield></datafield><datafield ind1=" " ind2=" " tag="042"><subfield code="a">msc</subfield></datafield><datafield ind1="0" ind2=" " tag="130"><subfield code="a">South side spirit (Milwaukee, Wis. : 1982 : Southeast ed.)</subfield></datafield><datafield ind1="1" ind2="0" tag="245"><subfield code="a">South side spirit.</subfield></datafield><datafield ind1=" " ind2=" " tag="250"><subfield code="a">Southeast ed.</subfield></datafield><datafield ind1=" " ind2=" " tag="260"><subfield code="a">Milwaukee, Wis. :</subfield><subfield code="b">Possibilities Unlimited,</subfield><subfield code="c">1982-1982.</subfield></datafield><datafield ind1=" " ind2=" " tag="300"><subfield code="a">v.</subfield></datafield><datafield ind1=" " ind2=" " tag="310"><subfield code="a">Weekly</subfield></datafield><datafield ind1="0" ind2=" " tag="362"><subfield code="a">Feb. 3, 1982-Mar. 17, 1982.</subfield></datafield><datafield ind1=" " ind2=" " tag="500"><subfield code="a">Editor: M. Ruppe, Feb. 3-March 17, 1982.</subfield></datafield><datafield ind1=" " ind2=" " tag="752"><subfield code="a">United States</subfield><subfield code="b">Wisconsin</subfield><subfield code="c">Milwaukee</subfield><subfield code="d">Milwaukee.</subfield></datafield><datafield ind1=" " ind2=" " tag="752"><subfield code="a">United States</subfield><subfield code="b">Wisconsin</subfield><subfield code="c">Washington</subfield><subfield code="d">Milwaukee.</subfield></datafield></record>